<?xml version="1.0" encoding="UTF-8"?><collection xmlns="http://www.loc.gov/MARC21/slim"><record><leader>00735nam--2200205-i-4500</leader><controlfield tag="001">000025723</controlfield><controlfield tag="002">20161230</controlfield><controlfield tag="005">20161230201036</controlfield><controlfield tag="008">060222s1000------------r-----000-0-eng-d</controlfield><datafield ind1=" " ind2=" " tag="020"><subfield code="a">0854981306</subfield></datafield><datafield ind1=" " ind2=" " tag="040"><subfield code="a">IFIN-HH</subfield></datafield><datafield ind1=" " ind2=" " tag="080"><subfield code="a">538.95:546.3(061.3)</subfield></datafield><datafield ind1="1" ind2=" " tag="100"><subfield code="a">Lee, M.J.G</subfield></datafield><datafield ind1="1" ind2="0" tag="245"><subfield code="a">Transition metals, 1977</subfield><subfield code="b">Invited and contributed papers from the international conference on transition metals held at the university of toronto, 15-19 august 1977</subfield><subfield code="c">M.j.g. lee, j.m. perz, e. fawcett (eds.)</subfield></datafield><datafield ind1=" " ind2=" " tag="260"><subfield code="a">Bristol</subfield><subfield code="b">The Institute Of Physics</subfield><subfield code="c">1978</subfield></datafield><datafield ind1=" " ind2=" " tag="300"><subfield code="a">XXI+742P</subfield></datafield><datafield ind1=" " ind2=" " tag="490"><subfield code="a">The Institute Of Physics. Conference Series</subfield><subfield code="v">Number 39</subfield></datafield><datafield ind1="1" ind2=" " tag="700"><subfield code="a">Fawcett, E</subfield><subfield code="e">Ed</subfield></datafield><datafield ind1=" " ind2=" " tag="852"><subfield code="a">70232</subfield><subfield code="c">539.2</subfield></datafield><datafield ind1=" " ind2=" " tag="CAT"><subfield code="a">Sys</subfield><subfield code="c">20121105</subfield><subfield code="h">141745</subfield></datafield></record></collection>